@Book{xie2015,
  title = {Dynamic Documents with {R} and knitr},
  author = {Yihui Xie},
  publisher = {Chapman and Hall/CRC},
  address = {Boca Raton, Florida},
  year = {2015},
  edition = {2nd},
  note = {ISBN 978-1498716963},
  url = {http://yihui.name/knitr/},
}

@article{martinez2009universality,
  title={Universality of rank-ordering distributions in the arts and sciences},
  author={Mart{\'i}nez-Mekler, Gustavo and Mart{\'i}nez, Roberto \'Alvarez and del R{\'i}o, Manuel Beltr{\'a}n and Mansilla, Ricardo and Miramontes, Pedro and Cocho, Germinal},
  journal={PLoS One},
  volume={4},
  number={3},
  pages={e4791},
  year={2009},
  publisher={Public Library of Science San Francisco, USA}
}
